<?xml version="1.0" encoding="UTF-8"?><record xmlns="http://www.loc.gov/MARC21/slim" xmlns:cinclude="http://apache.org/cocoon/include/1.0" xmlns:zs="http://www.loc.gov/zing/srw/">
  <leader>00744cz  a2200157n  4500</leader>
  <controlfield tag="001">no2001020464</controlfield>
  <controlfield tag="003">DLC</controlfield>
  <controlfield tag="005">20130320085026.0</controlfield>
  <controlfield tag="008">010315n| azannaab           |a aaa     c</controlfield>
  <datafield tag="010" ind1=" " ind2=" ">
    <subfield code="a">no2001020464</subfield>
  </datafield>
  <datafield tag="035" ind1=" " ind2=" ">
    <subfield code="a">(OCoLC)oca05438489</subfield>
  </datafield>
  <datafield tag="040" ind1=" " ind2=" ">
    <subfield code="a">PPi-MA</subfield>
    <subfield code="b">eng</subfield>
    <subfield code="e">rda</subfield>
    <subfield code="c">PPi-MA</subfield>
    <subfield code="d">DLC</subfield>
  </datafield>
  <datafield tag="100" ind1="1" ind2=" ">
    <subfield code="a">Rovetta, Giovanni,</subfield>
    <subfield code="d">approximately 1596-1668.</subfield>
    <subfield code="t">Messa, e salmi concertati</subfield>
  </datafield>
  <datafield tag="400" ind1="1" ind2=" ">
    <subfield code="w">nnea</subfield>
    <subfield code="a">Rovetta, Giovanni,</subfield>
    <subfield code="d">ca. 1596-1668.</subfield>
    <subfield code="t">Messa, e salmi concertati</subfield>
  </datafield>
  <datafield tag="670" ind1=" " ind2=" ">
    <subfield code="a">Rovetta, G. Messa, e salmi concertati, c2001:</subfield>
    <subfield code="b">pt. 1, t.p. (Messa, e salmi concertati : op. 4 (1639)) facsim. t.p. (Messa, e salmi concertati a cinque, sei, sette, otto voci, e due violini ... opera quarta)</subfield>
  </datafield>
  <datafield tag="670" ind1=" " ind2=" ">
    <subfield code="a">New Grove, 2nd ed.</subfield>
    <subfield code="b">(Messa e salmi concertati, 5-8vv, 2 vn, op. 4 (1639))</subfield>
  </datafield>
</record>